@misc{wang2020minivlm,
	title={MiniVLM: A Smaller and Faster Vision-Language Model}, 
	author={Jianfeng Wang and Xiaowei Hu and Pengchuan Zhang and Xiujun Li and Lijuan Wang and Lei Zhang and Jianfeng Gao and Zicheng Liu},
	year={2020},
	eprint={2012.06946},
	archivePrefix={arXiv},
	primaryClass={cs.CV}
}

@misc{chen2020uniter,
	title={UNITER: UNiversal Image-TExt Representation Learning}, 
	author={Yen-Chun Chen and Linjie Li and Licheng Yu and Ahmed El Kholy and Faisal Ahmed and Zhe Gan and Yu Cheng and Jingjing Liu},
	year={2020},
	eprint={1909.11740},
	archivePrefix={arXiv},
	primaryClass={cs.CV}
}

@article{li2020oscar,
	title={Oscar: Object-Semantics Aligned Pre-training for Vision-Language Tasks},
	author={Li, Xiujun and Yin, Xi and Li, Chunyuan and Hu, Xiaowei and Zhang, Pengchuan and Zhang, Lei and Wang, Lijuan and Hu, Houdong and Dong, Li and Wei, Furu and Choi, Yejin and Gao, Jianfeng},
	journal={ECCV 2020},
	year={2020}
}

@misc{gan2021playing,
	title={Playing Lottery Tickets with Vision and Language}, 
	author={Zhe Gan and Yen-Chun Chen and Linjie Li and Tianlong Chen and Yu Cheng and Shuohang Wang and Jingjing Liu},
	year={2021},
	eprint={2104.11832},
	archivePrefix={arXiv},
	primaryClass={cs.CV}
}
@misc{lin2015microsoft,
	title={Microsoft COCO: Common Objects in Context}, 
	author={Tsung-Yi Lin and Michael Maire and Serge Belongie and Lubomir Bourdev and Ross Girshick and James Hays and Pietro Perona and Deva Ramanan and C. Lawrence Zitnick and Piotr Doll√°r},
	year={2015},
	eprint={1405.0312},
	archivePrefix={arXiv},
	primaryClass={cs.CV}
}
@inproceedings{antol2015vqa,
	title={Vqa: Visual question answering},
	author={Antol, Stanislaw and Agrawal, Aishwarya and Lu, Jiasen and Mitchell, Margaret and Batra, Dhruv and Lawrence Zitnick, C and Parikh, Devi},
	booktitle={Proceedings of the IEEE international conference on computer vision},
	pages={2425--2433},
	year={2015}
}

@inproceedings{tan2019lxmert,
	title={LXMERT: Learning Cross-Modality Encoder Representations from Transformers},
	author={Hao Hao Tan and Mohit Bansal},
	booktitle={EMNLP/IJCNLP},
	year={2019}
}

@InProceedings{balanced_vqa_v2,
	author = {Yash Goyal and Tejas Khot and Douglas Summers{-}Stay and Dhruv Batra and Devi Parikh},
	title = {Making the {V} in {VQA} Matter: Elevating the Role of Image Understanding in {V}isual {Q}uestion {A}nswering},
	booktitle = {Conference on Computer Vision and Pattern Recognition (CVPR)},
	year = {2017},
}

@misc{frankle2019lottery,
	title={The Lottery Ticket Hypothesis: Finding Sparse, Trainable Neural Networks}, 
	author={Jonathan Frankle and Michael Carbin},
	year={2019},
	eprint={1803.03635},
	archivePrefix={arXiv},
	primaryClass={cs.LG}
}

@inproceedings{devlin-etal-2019-bert,
	title = "{BERT}: Pre-training of Deep Bidirectional Transformers for Language Understanding",
	author = "Devlin, Jacob  and
	Chang, Ming-Wei  and
	Lee, Kenton  and
	Toutanova, Kristina",
	booktitle = "Proceedings of the 2019 Conference of the North {A}merican Chapter of the Association for Computational Linguistics: Human Language Technologies, Volume 1 (Long and Short Papers)",
	month = jun,
	year = "2019",
	address = "Minneapolis, Minnesota",
	publisher = "Association for Computational Linguistics",
	url = "https://aclanthology.org/N19-1423",
	doi = "10.18653/v1/N19-1423",
	pages = "4171--4186",
	abstract = "We introduce a new language representation model called BERT, which stands for Bidirectional Encoder Representations from Transformers. Unlike recent language representation models (Peters et al., 2018a; Radford et al., 2018), BERT is designed to pre-train deep bidirectional representations from unlabeled text by jointly conditioning on both left and right context in all layers. As a result, the pre-trained BERT model can be fine-tuned with just one additional output layer to create state-of-the-art models for a wide range of tasks, such as question answering and language inference, without substantial task-specific architecture modifications. BERT is conceptually simple and empirically powerful. It obtains new state-of-the-art results on eleven natural language processing tasks, including pushing the GLUE score to 80.5 (7.7 point absolute improvement), MultiNLI accuracy to 86.7{\%} (4.6{\%} absolute improvement), SQuAD v1.1 question answering Test F1 to 93.2 (1.5 point absolute improvement) and SQuAD v2.0 Test F1 to 83.1 (5.1 point absolute improvement).",
}
@article{ren15fasterrcnn,
	Author = {Shaoqing Ren, Kaiming He, Ross Girshick, Jian Sun},
	Title = {{Faster R-CNN}: Towards Real-Time Object Detection with Region Proposal Networks},
	Journal = {arXiv preprint arXiv:1506.01497},
	Year = {2015}
}

@Inproceedings{ImageCLEFVQA-Med2019,
	author = {Asma {Ben Abacha} and Sadid A. Hasan and Vivek V. Datla and Joey Liu and Dina Demner-Fushman and Henning M\"uller},
	title = {{VQA-Med}: Overview of the Medical Visual Question Answering Task at ImageCLEF 2019},
	booktitle = {CLEF2019 Working Notes},
	series = {{CEUR} Workshop Proceedings},
	year = {2019},
	volume = {},
	publisher = {CEUR-WS.org $<$http://ceur-ws.org$>$},
	pages = {},
	month = {September 09-12},
	address = {Lugano, Switzerland},
}

@misc{gurari2018vizwiz,
	title={VizWiz Grand Challenge: Answering Visual Questions from Blind People}, 
	author={Danna Gurari and Qing Li and Abigale J. Stangl and Anhong Guo and Chi Lin and Kristen Grauman and Jiebo Luo and Jeffrey P. Bigham},
	year={2018},
	eprint={1802.08218},
	archivePrefix={arXiv},
	primaryClass={cs.CV}
}